@article{dagum1998openmp,
  title={OpenMP: an industry standard API for shared-memory programming},
  author={Dagum, Leonardo and Enon, Rameshm},
  journal={Computational Science \& Engineering, IEEE},
  volume={5},
  number={1},
  pages={46--55},
  year={1998},
  publisher={IEEE}
}


@book{chandra2001parallel,
  title={Parallel programming in OpenMP},
  author={Chandra, Rohit},
  year={2001},
  publisher={Morgan kaufmann}
}

