@article{pheatt2008intel,
  title={Intel\regtm threading building blocks},
  author={Pheatt, Chuck},
  journal={Journal of Computing Sciences in Colleges},
  volume={23},
  number={4},
  pages={298--298},
  year={2008},
  publisher={Consortium for Computing Sciences in Colleges}
}

@techreport{epperly2011composite,
  title={Composite Parallelism: Creating Interoperability between {PGAS} Languages,
         {HPCS} Languages and Message Passing Libraries},
  author={Epperly, Thomas and Prantl, Adrian and Chamberlain, Bradford},
  year={2011},
  publisher={Lawrence Livermore National Laboratory},
  number={{LLNL-AR-499171}},
}

@inproceedings{tian2003compiler,
  title={Compiler and runtime support for running {OpenMP} programs on {P}entium-and {I}tanium-architectures},
  author={Tian, Xinmin and Girkar, Milind and Shah, Sanjiv and Armstrong, Douglas and Su, Ernesto and Petersen, Paul},
  booktitle={Parallel and Distributed Processing Symposium, 2003. Proceedings. International},
  pages={9--pp},
  year={2003},
  organization={IEEE}
}

@incollection{perache2008mpc,
  title={{MPC}: A unified parallel runtime for clusters of {NUMA} machines},
  author={P{\'e}rache, Marc and Jourdren, Herv{\'e} and Namyst, Raymond},
  booktitle={Euro-Par 2008--Parallel Processing},
  pages={78--88},
  year={2008},
  publisher={Springer}
}

@article{hugo2014composing,
  title={Composing multiple {StarPU} applications over heterogeneous machines: a supervised approach},
  author={Hugo, Andra and Guermouche, Abdou and Wacrenier, Pierre-Andr{\'e} and Namyst, Raymond},
  journal={International Journal of High Performance Computing Applications},
  volume={28},
  number={3},
  pages={285--300},
  year={2014},
  publisher={Sage Publications}
}

@inproceedings{Lithe:Pan:2009:LEE:1855591.1855602,
 author = {Pan, Heidi and Hindman, Benjamin and Asanovi\'{c}, Krste},
 title = {Lithe: Enabling Efficient Composition of Parallel Libraries},
 booktitle = {Proceedings of the First {USENIX} Conference on Hot Topics in Parallelism},
 series = {HotPar'09},
 year = {2009},
 location = {Berkeley, California},
 pages = {11--11},
 numpages = {1},
 url = {http://dl.acm.org/citation.cfm?id=1855591.1855602},
 acmid = {1855602},
 publisher = {USENIX Association},
 address = {Berkeley, CA, USA},
} 

@inproceedings{Callisto:Harris:2014:CCP:2592798.2592807,
 author = {Harris, Tim and Maas, Martin and Marathe, Virendra J.},
 title = {Callisto: Co-scheduling Parallel Runtime Systems},
 booktitle = {Proceedings of the Ninth European Conference on Computer Systems},
 series = {EuroSys '14},
 year = {2014},
 isbn = {978-1-4503-2704-6},
 location = {Amsterdam, The Netherlands},
 pages = {24:1--24:14},
 articleno = {24},
 numpages = {14}, 
 url = {http://doi.acm.org/10.1145/2592798.2592807},
 doi = {10.1145/2592798.2592807},
 acmid = {2592807},
 publisher = {ACM},
 address = {New York, NY, USA},
} 



@incollection{wang2014intel,
  title={Intel {M}ath {K}ernel {L}ibrary},
  author={Wang, Endong and Zhang, Qing and Shen, Bo and Zhang, Guangyong and Lu, Xiaowei and Wu, Qing and Wang, Yajuan},
  booktitle={High-Performance Computing on the Intel\regtm Xeon Phi\tm},
  pages={167--188},
  year={2014},
  publisher={Springer}
}

@INPROCEEDINGS{hcmpi:ipdps13, 
author={S. Chatterjee and S. Tasirlar and Z. Budimlic and V. Cav{\'e} and M. Chabbi and M. Grossman and V. Sarkar and Y. Yan}, 
booktitle={Parallel Distributed Processing (IPDPS), 2013 IEEE 27th International Symposium on}, 
title={Integrating Asynchronous Task Parallelism with {MPI}}, 
year={2013}, 
pages={712-725}, 
doi={10.1109/IPDPS.2013.78}, 
ISSN={1530-2075}, 
month={May},}

@inproceedings{Dinan:mpiendpoint_eurompi13,
 author = {Dinan, James and Balaji, Pavan and Goodell, David and Miller, Douglas and Snir, Marc and Thakur, Rajeev},
 title = {Enabling {MPI} Interoperability Through Flexible Communication Endpoints},
 booktitle = {Proceedings of the 20th European {MPI} Users' Group Meeting},
 series = {EuroMPI '13},
 year = {2013},
 isbn = {978-1-4503-1903-4},
 location = {Madrid, Spain},
 pages = {13--18},
 numpages = {6},
 url = {http://doi.acm.org/10.1145/2488551.2488553},
 doi = {10.1145/2488551.2488553},
 acmid = {2488553},
 publisher = {ACM},
 address = {New York, NY, USA},
 keywords = {MPI, endpoints, hybrid parallel programming, interoperability},
} 

@misc{craywait,
title={{Cray C/C++ Reference Manual}},
author={{Cray}},
note={\url{http://docs.cray.com/cgi-bin/craydoc.cgi?mode=View;id=S-2179-82;right=/books/S-2179-82/html-S-2179-82//z1050591602oswald.html%23section-6yjyhx7c-esti}},
}

@misc{iccmanual,
title={{User and Reference Guide for the {I}ntel\regtm {C}++ Compiler 15.0}},
author={{Intel}},
note={\url{https://software.intel.com/en-us/compiler_15.0_ug_c}},
}


@misc{intertwine,
title={{INTERTWinE: Programming Model INTERoperability ToWards Exascale}},
note={\url{http://www.intertwine-project.eu}},
}

@misc{oraclewait,
title={{Oracle Solaris Studio 12.3: OpenMP API User's Guide }},
author={{ORACLE}},
note={\url{http://docs.oracle.com/cd/E24457_01/html/E21996/aewcb.html#gentextid-475}},
}

@misc{ibmwait,
title={{XLSMPOPTS Runtime options:IBM XL C/C++ for Linux 12.1.0}},
author={{IBM Knowledge Center}},
note={\url{http://docs.oracle.com/cd/E24457_01/html/E21996/aewcb.html#gentextid-475}},
}

@misc{libthreaddb,
title={Man pages Section 3: Threads and Realtime Library Functions: {libthread\_db(3THR)}},
author={{Sun Microsystems}},
year={1998},
note={\url{http://docs.oracle.com/cd/E19455-01/806-0630/6j9vkb8dk/index.html}}
}

@inproceedings{Cownie:2003:DOD:1761900.1761915,
 author = {Cownie, James and Del{S}ignore, John and de Supinski, Bronis R. and Warren, Karen},
 title = {{DMPL}: an {OpenMP} {DLL} debugging interface},
 booktitle = {Proceedings of the OpenMP applications and tools 2003 international conference on OpenMP shared memory parallel programming},
 series = {WOMPAT'03},
 year = {2003},
 isbn = {3-540-40435-X},
 location = {Toronto, Canada},
 pages = {137--146},
 numpages = {10},
 url = {http://dl.acm.org/citation.cfm?id=1761900.1761915},
 acmid = {1761915},
 publisher = {Springer-Verlag},
 address = {Berlin, Heidelberg},
} 


@inproceedings{CownieGropp99,
 author = {James Cownie and William Gropp},
 title = {A Standard Interface for Debugger Access to Message Queue Information in {MPI}},
 booktitle = {Proceedings of {PVMMPI'99}},
 year = {1999},
 pages = {51--58},
 note={\url{http://www.mcs.anl.gov/research/projects/mpi/mpi-debug/eurompi-paper.ps.gz}}
} 

@inproceedings{Tallent:PPoPP09,
 author = {Tallent, Nathan R. and Mellor-Crummey, John M.},
 title = {Effective performance measurement and analysis of multithreaded applications},
 booktitle = {Proceedings of the 14th {ACM} {SIGPLAN} Symposium on Principles and Practice of Parallel Programming},
 series = {PPoPP '09},
 year = {2009},
 isbn = {978-1-60558-397-6},
 location = {Raleigh, NC, USA},
 pages = {229--240},
 numpages = {12},
 url = {http://doi.acm.org/10.1145/1504176.1504210},
 doi = {10.1145/1504176.1504210},
 acmid = {1504210},
 publisher = {ACM},
 address = {New York, NY, USA},
 keywords = {call path profiling, hpctoolkit, multithreaded programming models, performance analysis},
} 

@inproceedings{Tallent:PPoPP10,
 author = {Tallent, Nathan R. and Mellor-Crummey, John M. and Porterfield, Allan},
 title = {Analyzing lock contention in multithreaded applications},
 booktitle = {Proceedings of the 15th {ACM} {SIGPLAN} Symposium on Principles and Practice of Parallel Programming},
 series = {PPoPP '10},
 year = {2010},
 isbn = {978-1-60558-877-3},
 location = {Bangalore, India},
 pages = {269--280},
 numpages = {12},
 url = {http://doi.acm.org/10.1145/1693453.1693489},
 doi = {10.1145/1693453.1693489},
 acmid = {1693489},
 publisher = {ACM},
 address = {New York, NY, USA},
 keywords = {hpctoolkit, lock contention, multithreading, performance analysis},
} 

@misc{SunCollector,
title={An {OpenMP} Runtime {API} for Profiling},
author={Marty Itzkowitz and Oleg Mazurov and Nawal Copty and Yuan Lin},
note={Sun Microsystems, Inc.. OpenMP ARB White Paper.
Available online at \url{http://www.compunity.org/futures/omp-api.html}}
}

@ARTICLE{Mohr:JOS:02,
    author = {Bernd Mohr and Allen D. Malony and Sameer Shende and Felix Wolf},
    title = {Design and prototype of a performance tool interface for {OpenMP}},
    journal = {The Journal of Supercomputing},
    year = {2002},
    volume = {23},
    pages = {105--128}
}


@inproceedings{Mohr:EWOMP02,
    author = {Bernd Mohr and Allen D. Malony and Hans-Christian Hoppe and Frank Schlimbach and Grant Haab and Jay Hoeflinger and 
Sanjiv Shah},
    title = {A Performance Monitoring Interface for {OpenMP}},
    booktitle = {Proceedings of the Fourth {European} Workshop on {OpenMP}},
    address={Rome, Italy},
    year = {2002}
}

@inproceedings{Jost:2005:AND:1892830.1892858,
 author = {Jost, Gabriele and Mazurov, Oleg and {an Mey}, Dieter},
 title = {Adding new dimensions to performance analysis through user-defined objects},
 booktitle = {Proceedings of the 2005 and 2006 International Conference on {OpenMP} shared memory parallel programming},
 series = {IWOMP'05/IWOMP'06},
 year = {2008},
 isbn = {3-540-68554-5, 978-3-540-68554-8},
 location = {Eugene, OR, USA},
 pages = {255--266},
 numpages = {12},
 url = {http://dl.acm.org/citation.cfm?id=1892830.1892858},
 acmid = {1892858},
 publisher = {Springer-Verlag},
 address = {Berlin, Heidelberg},
}


@article{dagum1998openmp,
  title={OpenMP: an industry standard API for shared-memory programming},
  author={Dagum, Leonardo and Enon, Rameshm},
  journal={Computational Science \& Engineering, IEEE},
  volume={5},
  number={1},
  pages={46--55},
  year={1998},
  publisher={IEEE}
}


@book{chandra2001parallel,
  title={Parallel programming in OpenMP},
  author={Chandra, Rohit},
  year={2001},
  publisher={Morgan kaufmann}
}

